<record><leader>00000cas a22000007a 4500</leader><controlfield tag="001">9404495</controlfield><controlfield tag="008">830413d18731875mauwr ne      0    0eng d</controlfield><datafield ind1=" " ind2=" " tag="010"><subfield code="a">sn 83020556 </subfield></datafield><datafield ind1=" " ind2=" " tag="040"><subfield code="a">NPX</subfield><subfield code="b">eng</subfield><subfield code="c">NPX</subfield><subfield code="d">NPU</subfield><subfield code="d">MGN</subfield><subfield code="d">OCLCQ</subfield></datafield><datafield ind1=" " ind2=" " tag="042"><subfield code="a">msc</subfield></datafield><datafield ind1=" " ind2=" " tag="043"><subfield code="a">n-us-ma</subfield></datafield><datafield ind1="0" ind2=" " tag="130"><subfield code="a">Marlboro journal (Marlborough, Mass. : 1873)</subfield></datafield><datafield ind1="1" ind2="4" tag="245"><subfield code="a">The Marlboro journal.</subfield></datafield><datafield ind1=" " ind2=" " tag="260"><subfield code="a">Marlboro, Mass. :</subfield><subfield code="b">Journal Pub. Co.</subfield></datafield><datafield ind1=" " ind2=" " tag="300"><subfield code="a">v. ;</subfield><subfield code="c">49 cm.</subfield></datafield><datafield ind1=" " ind2=" " tag="310"><subfield code="a">Weekly</subfield></datafield><datafield ind1="1" ind2=" " tag="362"><subfield code="a">Began Jan. 1, 1873; ceased in Dec. 1875. Cf. Bigelow, E.A. Historical reminiscences of ... Marlborough, Mass.</subfield></datafield><datafield ind1=" " ind2=" " tag="500"><subfield code="a">Proprietor: S. Pratt, &lt;1875&gt;.</subfield></datafield><datafield ind1=" " ind2=" " tag="500"><subfield code="a">Published on Saturday.</subfield></datafield><datafield ind1=" " ind2=" " tag="500"><subfield code="a">Editors: L.L. Tarbell, &lt;1873-1874&gt;; S.B. Pratt, &lt;1875&gt;.</subfield></datafield><datafield ind1=" " ind2=" " tag="580"><subfield code="a">Published from the office of: Marlboro' mirror.</subfield></datafield><datafield ind1=" " ind2=" " tag="588"><subfield code="a">Description based on: Vol. 1, no. 16 (Apr. 19, 1873).</subfield></datafield><datafield ind1="1" ind2=" " tag="700"><subfield code="a">Tarbell, L. L.</subfield></datafield><datafield ind1="1" ind2=" " tag="700"><subfield code="a">Pratt, Stillman B.</subfield></datafield><datafield ind1=" " ind2=" " tag="752"><subfield code="a">United States</subfield><subfield code="b">Massachusetts</subfield><subfield code="c">Middlesex</subfield><subfield code="d">Marlborough.</subfield></datafield><datafield ind1="0" ind2="7" tag="785"><subfield code="t">Marlboro' mirror</subfield><subfield code="w">(DLC)sn 83020555</subfield></datafield><datafield ind1="0" ind2="7" tag="785"><subfield code="t">Marlboro mirror-journal</subfield><subfield code="w">(DLC)sn 83020557</subfield></datafield></record>